@misc{marco2019optimizing,
  doi           = {10.48550/arXiv.1911.04946},
  title         = {Optimizing Deep Learning Inference on Embedded Systems Through Adaptive Model Selection},
  author        = {Vicent Sanz Marco and Ben Taylor and Zheng Wang and Yehia Elkhatib},
  year          = {2019},
  eprint        = {1911.04946},
  archiveprefix = {arXiv},
  primaryclass  = {cs.LG}
}

@article{luong17,
  author  = {Minh{-}Thang Luong and Eugene Brevdo and Rui Zhao},
  title   = {Neural Machine Translation (seq2seq) Tutorial},
  journal = {https://github.com/tensorflow/nmt},
  year    = {2017}
}

@misc{taylor2018adaptive,
  title         = {Adaptive Selection of Deep Learning Models on Embedded Systems},
  author        = {Ben Taylor and Vicent Sanz Marco and Willy Wolff and Yehia Elkhatib and Zheng Wang},
  year          = {2018},
  eprint        = {1805.04252},
  archiveprefix = {arXiv},
  primaryclass  = {cs.PF}
}

@article{Rublee2011ORBAE,
  title   = {ORB: An efficient alternative to SIFT or SURF},
  author  = {Ethan Rublee and Vincent Rabaud and Kurt Konolige and Gary R. Bradski},
  journal = {2011 International Conference on Computer Vision},
  year    = {2011},
  pages   = {2564-2571},
  url     = {https://api.semanticscholar.org/CorpusID:206769866}
}

@article{canny1986computational,
  title     = {A computational approach to edge detection},
  author    = {Canny, John},
  journal   = {IEEE Transactions on pattern analysis and machine intelligence},
  number    = {6},
  pages     = {679--698},
  year      = {1986},
  publisher = {Ieee}
}

@article{kanopoulos1988design,
  title     = {Design of an image edge detection filter using the Sobel operator},
  author    = {Kanopoulos, Nick and Vasanthavada, Nagesh and Baker, Robert L},
  journal   = {IEEE Journal of solid-state circuits},
  volume    = {23},
  number    = {2},
  pages     = {358--367},
  year      = {1988},
  publisher = {IEEE}
}





@misc{Roboto:2011,
  author = {Christian Robertson},
  title  = {The Roboto family of fonts (Google)},
  url    = {https://github.com/google/roboto},
  year   = 2011,
  note   = {Apache License, verison 2.0}
}

@misc{SourceSerifPro:2014,
  author = {Frank Grie√ühammer},
  title  = {Source Serif Pro (Adobe Systems)},
  url    = {https://github.com/adobe-fonts/source-serif-pro},
  year   = 2014,
  note   = {SIL Open Font License, version 1.1}
}

@misc{SourceCodePro:2012,
  author = {Paul D. Hunt},
  title  = {Source Code Pro (Adobe Systems)},
  url    = {https://github.com/adobe-fonts/source-code-pro},
  year   = 2012,
  note   = {SIL Open Font License, version 1.1}
}
